<collection xmlns="http://www.loc.gov/MARC21/slim">
<record>
  <leader>01165nam0a2200265 i 450 </leader>
  <controlfield tag="001">IT\ICCU\CNCE\017646</controlfield>
  <controlfield tag="005">20071010000000.0</controlfield>
  <datafield tag="012" ind1=" " ind2=" ">
    <subfield code="a">o.e. o-co iae- hado (C) 1545 (R)</subfield>
    <subfield code="2">fei</subfield>
  </datafield>
  <datafield tag="100" ind1=" " ind2=" ">
    <subfield code="a">19970101d1545        0itac0103    ba</subfield>
  </datafield>
  <datafield tag="101" ind1=" " ind2=" ">
    <subfield code="a">LAT</subfield>
    <subfield code="a">ITA</subfield>
  </datafield>
  <datafield tag="102" ind1=" " ind2=" ">
    <subfield code="a">IT</subfield>
  </datafield>
  <datafield tag="200" ind1="1" ind2=" ">
    <subfield code="a">Donato al senno con il Cato volgarigiato nouamente stampato &amp; con somma diligentia castigato &amp; corretto</subfield>
  </datafield>
  <datafield tag="210" ind1=" " ind2=" ">
    <subfield code="d">1545</subfield>
    <subfield code="e">In Vinegia</subfield>
    <subfield code="g">per Giouanni Padoano</subfield>
    <subfield code="h">1545</subfield>
  </datafield>
  <datafield tag="215" ind1=" " ind2=" ">
    <subfield code="a">\56! c.</subfield>
    <subfield code="d">8ʻ</subfield>
  </datafield>
  <datafield tag="620" ind1=" " ind2=" ">
    <subfield code="a">IT</subfield>
    <subfield code="d">Venezia</subfield>
  </datafield>
  <datafield tag="700" ind1=" " ind2="1">
    <subfield code="a">Donatus,</subfield>
    <subfield code="b">Aelius</subfield>
    <subfield code="3">IT\ICCU\CNCA\000324</subfield>
  </datafield>
  <datafield tag="712" ind1="0" ind2="0">
    <subfield code="a">Padovano, Giovanni</subfield>
    <subfield code="3">IT\ICCU\CNCT\000032</subfield>
    <subfield code="4">650</subfield>
  </datafield>
  <datafield tag="790" ind1=" " ind2="1">
    <subfield code="a">Dionisius,</subfield>
    <subfield code="b">Appollonius Donatus</subfield>
    <subfield code="3">IT\ICCU\CNCA\004906</subfield>
    <subfield code="z">Donatus, Aelius</subfield>
  </datafield>
  <datafield tag="790" ind1=" " ind2="0">
    <subfield code="a">Aelius</subfield>
    <subfield code="c"> : Donatus</subfield>
    <subfield code="3">IT\ICCU\CNCA\009367</subfield>
    <subfield code="z">Donatus, Aelius</subfield>
  </datafield>
  <datafield tag="791" ind1="0" ind2="0">
    <subfield code="a">Patavinus, Ioannes</subfield>
    <subfield code="3">IT\ICCU\CNCT\002269</subfield>
    <subfield code="z">Padovano, Giovanni</subfield>
  </datafield>
  <datafield tag="791" ind1="0" ind2="0">
    <subfield code="a">Paduano, Giovanni</subfield>
    <subfield code="3">IT\ICCU\CNCT\005239</subfield>
    <subfield code="z">Padovano, Giovanni</subfield>
  </datafield>
  <datafield tag="791" ind1="0" ind2="0">
    <subfield code="a">Padoanno, Giovanni</subfield>
    <subfield code="3">IT\ICCU\CNCT\005241</subfield>
    <subfield code="z">Padovano, Giovanni</subfield>
  </datafield>
  <datafield tag="791" ind1="0" ind2="0">
    <subfield code="a">Padoano, Gioanni</subfield>
    <subfield code="3">IT\ICCU\CNCT\005243</subfield>
    <subfield code="z">Padovano, Giovanni</subfield>
  </datafield>
  <datafield tag="801" ind1=" " ind2="3">
    <subfield code="a">IT</subfield>
    <subfield code="b">ICCU</subfield>
    <subfield code="c">20201114</subfield>
  </datafield>
  <datafield tag="899" ind1=" " ind2=" ">
    <subfield code="a">Biblioteca civica Girolamo Tartarotti. Rovereto</subfield>
    <subfield code="1">TN0103</subfield>
    <subfield code="2">ZTN 08</subfield>
  </datafield>
</record>
</collection>
